@article{Ruthotto2020,
  title     = {Deep neural networks motivated by partial differential equations},
  author    = {Ruthotto, Lars and Haber, Eldad},
  journal   = {Journal of Mathematical Imaging and Vision},
  volume    = {62},
  number    = {3},
  pages     = {352--364},
  year      = {2020},
  publisher = {Springer}
}